@article{shannon1948communication,
  author = {Claude E. Shannon},
  title = {A Mathematical Theory of Communication},
  journal = {Bell System Technical Journal},
  year = 1948,
  volume = {27},
  number = {3},
  pages = {379-423},
}


@inproceedings{MAQAO,
  title={MAQAO : Modular Assembler Quality Analyzer and Optimizer for Itanium 2},
  author={Lamia Djoudi and Denis Barthou and Patrick Carribault and Christophe Lemuet and Jean-Thomas Acquaviva and William Jalby},
  year={2005}
}
